# edited books

@book{naas2016,
	editor	= {K. Naumenko and M. A{\ss}mus},
	title	= {Advanced Methods of Continuum Mechanics for Materials and Structures},
	publisher= {Springer},
	address	= {Singapore},
	series	= {Advanced Structured Materials},
	volume	= {60},
	year	= {2016},
	doi	= {10.1007/978-981-10-0959-4}
}

# book chapters

@incollection{asbeeinaal2017,
	author	= {M. A{\ss}mus and S. Bergmann and J. Eisentr{\"a}ger and K. Naumenko and H. Altenbach}, 
	title	= {Consideration of Non-Uniform and Non-Orthogonal Mechanical Loads for Structural Analysis of Photovoltaic Composite Structures},
	editor	= {H. Altenbach and R. V. Goldstein and E. Murashkin},
	booktitle= {Mechanics for Materials and Technologies},	
	publisher= {Springer},
	address	= {Singapore},
	series	= {Advanced Structured Materials},
	volume	= {46},
	year	= {2017},
	pages	= {73--122},
	doi	= {10.1007/978-3-319-56050-2_4}
}

# peer-reviewed journal publications

@article{noasal2018,
	author	= {J. Nordmann and M. A{\ss}mus and H. Altenbach},
	title	= {Visualising Elastic Anisotropy: Theoretical Background and Computational Implementation},
	journal	= {Continuum Mechanics and Thermodynamics},
	volume	= {30},
	number	= {4},
	year	= {2018},
	pages	= {689--708},
	doi	= {10.1007/s00161-018-0635-9}
}

@article{asnaal2017,
	author	= {M. A{\ss}mus and  K. Naumenko and H. Altenbach},
	title	= {Mechanical Behaviour of Photovoltaic Composite Structures: Influence of Geometric Dimensions and Material Properties on the Eigenfrequencies of Mechanical Vibrations},
	journal	= {Composites Communications},
	volume	= {6},
	number	= {-},
	year	= {2017},
	pages	= {59--62},
	doi	= {10.1016/j.coco.2017.10.003}
}

@article{aseial2017-2,
	author	= {M. A{\ss}mus and  J. Eisentr{\"a}ger and H. Altenbach},
	title	= {Projector Representation of Isotropic Linear Elastic Material Laws for Directed Surfaces},
	journal	= {Zeitschrift f{\"u}r Angewandte Mathematik und Mechanik},
	volume	= {97},
	number	= {12},
	year	= {2017},
	pages	= {1625--1634},
	doi	= {10.1002/zamm.201700122}
}

@article{asbenaal2017,
	author	= {M. A{\ss}mus and S. Bergmann and K. Naumenko and H. Altenbach},
	title	= {Mechanical Behaviour of Photovoltaic Composite Structures: A Parameter Study on the Influence of Geometric Dimensions and Material Properties under Static Loading},
	journal	= {Composites Communications},
	volume	= {5},
	number	= {-},
	year	= {2017},
	pages	= {23--26},
	doi	= {10.1016/j.coco.2017.06.003}
}

@article{asnonaal2016,
	author	= {M. A{\ss}mus and J. Nordmann and K. Naumenko and H. Altenbach},
	title	= {A homogeneous substitute material for the core layer of photovoltaic composite structures},
	journal	= {Composites Part B: Engineering},
	volume	= {112},
	number	= {-},
	year	= {2017},
	pages	= {353--372},
	doi	= {10.1016/j.compositesb.2016.12.042}
}

@article{asnaal2016,
	author	= {M. A{\ss}mus and K. Naumenko and H. Altenbach},
	title	= {A multiscale projection approach for the coupled global-local structural analysis of photovoltaic modules},
	journal	= {Composite Structures},
	volume	= {158},
	number	= {-},
	year	= {2016},
	pages	= {340--358},
	doi	= {10.1016/j.compstruct.2016.09.036}
}

@article{asko2012,
	author	= {M. A{\ss}mus and M. K{\"o}hl},
	title	= {Experimental investigation of the mechanical behavior of photovoltaic modules at defined inflow conditions},
	journal	= {Journal of Photonics for Energy},
	volume	= {2},
	number	= {1},
	year	= {2012},
	pages	= {1--11},
	doi	= {10.1117/1.JPE.2.022002}
}

@article{asjaweko2011,
	author	= {M. A{\ss}mus and S. Jack and K.-A. Wei{\ss} and M. K{\"o}hl},
	title	= {Measurement and simulation of vibrations of PV-modules induced by dynamic mechanical loads},
	journal	= {Progress in Photovoltaics: Research and Applications},
	volume	= {19},
	number	= {6},
	year	= {2011},
	pages	= {688--694},
	doi	= {10.1002/pip.1087}
}

# publications in conference proceedings

@inproceedings{aseial2017,
	author	= {M. A{\ss}mus and J. Eisentr{\"a}ger and H. Altenbach}, 
	title	= {On isotropic linear elastic material laws for directed planes},
	booktitle= {Proceedings of the 11th International Conference on Shell Structures: Theory and Applications (SSTA 2017)},
	year	= {2017},
	pages	= {57--60},
	address	= {Gda\'{n}sk, Poland},
	isbn	= {978-1138050457}
}

@inproceedings{heborekoweashe2010,
	author	= {W. Herrmann and N. Bogdanski and F. Reil and M. K{\"o}hl and K.-A. Wei{\ss} and M. A{\ss}mus and M. Heck},
	title	= {PV module degradation caused by thermomechanical stress: real impacts of outdoor weathering versus accelerated testing in the laboratory},
	booktitle= {Proceedings of the International Society for Optical Engineering (Reliability of Photovoltaic Cells, Modules, Components, and Systems III)},
	volume	= {7773},
	year	= {2010},
	pages	= {0I},
	address	= {San Diego, USA},
	doi	= {10.1117/12.859809}
}

@inproceedings{asjakowe2009,
	author	= {M. A{\ss}mus and S. Jack and M. K{\"o}hl  and  K.-A. Wei{\ss}}, 
	title	= {Dynamic Mechanical Loads on PV-Modules},
	booktitle= {Proceedings of the 24th European Photovoltaic Solar Energy Conference},
	year	= {2009},
	pages	= {3395--3397},
	address	= {Hamburg, Germany},
	doi	= {10.4229/24thEUPVSEC2009-4AV.3.34}
}

@inproceedings{weasjako2009,
	author	= {K.-A. Wei{\ss} and M. A{\ss}mus and S. Jack and M. K{\"o}hl},
	title	= {Measurement and simulation of dynamic mechanical loads on PV-modules},
	booktitle= {Proceedings of the International Society for Optical Engineering (Reliability of Photovoltaic Cells, Modules, Components, and Systems II)},
	volume	= {7412},
	year	= {2009},
	pages	= {03},
	address	= {San Diego, USA},
	doi	= {10.1117/12.824859}
}

# marcus assmus